@INPROCEEDINGS{2003AIPC,
   author = {{Weinberg}, D.~H. and {Dav{\'e}}, R. and {Katz}, N. and {Kollmeier}, J.~A.
	},
    title = "{The Lyman-{$\alpha$} Forest as a Cosmological Tool}",
 keywords = {Intergalactic matter, quasar absorption and emission-line systems, Lyman forest, Observational cosmology, Dark matter},
booktitle = {The Emergence of Cosmic Structure},
     year = 2003,
   series = {American Institute of Physics Conference Series},
   volume = 666,
   eprint = {astro-ph/0301186},
   editor = {{Holt}, S.~H. and {Reynolds}, C.~S.},
    month = may,
    pages = {157-169},
      doi = {10.1063/1.1581786},
   adsurl = {http://adsabs.harvard.edu/abs/2003AIPC..666..157W},
  adsnote = {Provided by the SAO/NASA Astrophysics Data System}
}

@article{2013PhR,
   author = {{Weinberg}, D.~H. and {Mortonson}, M.~J. and {Eisenstein}, D.~J. and 
	{Hirata}, C. and {Riess}, A.~G. and {Rozo}, E.},
    title = "{Observational probes of cosmic acceleration}",
archivePrefix = "arXiv",
   eprint = {1201.2434},
 primaryClass = "astro-ph.CO",
     year = 2013,
    month = sep,
   volume = 530,
    pages = {87-255},
   adsurl = {http://adsabs.harvard.edu/abs/2013PhR...530...87W},
  adsnote = {Provided by the SAO/NASA Astrophysics Data System}
}

@article{2013gra,
      author         = "Levi, Michael and others",
      title          = "{The DESI Experiment, a whitepaper for Snowmass 2013}",
      collaboration  = "DESI",
      year           = "2013",
      eprint         = "1308.0847",
      archivePrefix  = "arXiv",
      primaryClass   = "astro-ph.CO",
      SLACcitation   = "%%CITATION = ARXIV:1308.0847;%%",
}


@article{2001cq,
      author         = "Eisenstein, Daniel J. and others",
      title          = "{Spectroscopic target selection for the Sloan Digital Sky
                        Survey: The Luminous red galaxy sample}",
      collaboration  = "SDSS",
      journal        = "Astron.J.",
      volume         = "122",
      pages          = "2267",
      doi            = "10.1086/323717",
      year           = "2001",
      eprint         = "astro-ph/0108153",
      archivePrefix  = "arXiv",
      primaryClass   = "astro-ph",
      reportNumber   = "FERMILAB-PUB-01-410-A",
      SLACcitation   = "%%CITATION = ASTRO-PH/0108153;%%",
}

@article{2013zfa,
      author         = "Mortonson, Michael J. and Weinberg, David H. and White,
                        Martin",
      title          = "{Dark Energy: A Short Review}",
      year           = "2013",
      eprint         = "1401.0046",
      archivePrefix  = "arXiv",
      primaryClass   = "astro-ph.CO",
      SLACcitation   = "%%CITATION = ARXIV:1401.0046;%%",
}
